<?xml version="1.0" encoding="UTF-8"?>
<record xmlns="http://www.loc.gov/MARC21/slim">
   <leader>01798cam a2200325Ma 4500</leader>
   <controlfield tag="001">6580254</controlfield>
   <controlfield tag="003">NjP</controlfield>
   <controlfield tag="005">20190325170444.0</controlfield>
   <controlfield tag="008">991214s1907    ua       b    000 0 ara d</controlfield>
   <datafield tag="024" ind1="7" ind2=" ">
      <subfield code="a">princeton_aco004810</subfield>
      <subfield code="2">local</subfield>
   </datafield>
   <datafield ind1=" " ind2=" " tag="035">
      <subfield code="a">(OCoLC)ocm60506362</subfield>
   </datafield>
   <datafield ind1=" " ind2=" " tag="040">
      <subfield code="a">MEAUC</subfield>
      <subfield code="c">MEAUC</subfield>
      <subfield code="d">OCLCG</subfield>
      <subfield code="d">YUS</subfield>
   </datafield>
   <datafield ind1=" " ind2=" " tag="066">
      <subfield code="c">(3</subfield>
   </datafield>
   <datafield ind1=" " ind2=" " tag="035">
      <subfield code="a">(OCoLC)60506362</subfield>
   </datafield>
   <datafield ind1=" " ind2="4" tag="050">
      <subfield code="a">PJ6101</subfield>
      <subfield code="b">I75 1907</subfield>
   </datafield>
   <datafield ind1=" " ind2=" " tag="049">
      <subfield code="a">PULL</subfield>
   </datafield>
   <datafield ind1="1" ind2=" " tag="100">
      <subfield code="6">880-01</subfield>
      <subfield code="a">Iskāfī, Muḥammad ibn ʻAbd Allāh,</subfield>
      <subfield code="d">-1029.</subfield>
      <subfield code="0">http://id.loc.gov/authorities/names/no93012404</subfield>
   </datafield>
   <datafield ind1="1" ind2="0" tag="245">
      <subfield code="6">880-02</subfield>
      <subfield code="a">Kitāb Mabādiʼ al-lughah :</subfield>
      <subfield code="b">maʻa sharḥ abyāt mabādiʼ al-lughah /</subfield>
      <subfield code="c">li-Abī ʻAbd Allāh Muḥammad ibn ʻAbd Allāh al-Khaṭīb al-Iskāfī ; ʻuniya bi-taṣḥīḥihi Muḥammad Badr al-Dīn al-Naʻsānī al-Ḥalabī.</subfield>
   </datafield>
   <datafield ind1=" " ind2=" " tag="250">
      <subfield code="6">880-03</subfield>
      <subfield code="a">al-Ṭabʻah 1.</subfield>
   </datafield>
   <datafield ind1=" " ind2=" " tag="260">
      <subfield code="6">880-04</subfield>
      <subfield code="a">Miṣr :</subfield>
      <subfield code="b">Maṭbaʻat al-Saʻādah,</subfield>
      <subfield code="c">1325 [1907]</subfield>
   </datafield>
   <datafield ind1=" " ind2=" " tag="300">
      <subfield code="a">204 p. ;</subfield>
      <subfield code="c">23 cm.</subfield>
   </datafield>
   <datafield ind1=" " ind2=" " tag="504">
      <subfield code="a">Includes bibliographical references.</subfield>
   </datafield>
   <datafield ind1=" " ind2="0" tag="650">
      <subfield code="a">Arabic language</subfield>
      <subfield code="x">Glossaries, vocabularies, etc.</subfield>
      <subfield code="0">http://id.loc.gov/authorities/subjects/sh2007101227</subfield>
   </datafield>
   <datafield ind1="1" ind2=" " tag="700">
      <subfield code="6">880-05</subfield>
      <subfield code="a">Ḥalabī, Muḥammad Badr al-Dīn al-Naʻsānī.</subfield>
   </datafield>
   <datafield ind1="1" ind2=" " tag="880">
      <subfield code="6">100-01/(3/r</subfield>
      <subfield code="a">خطيب الاسكافي، محمد بن عبدالله،</subfield>
      <subfield code="d">-1029.</subfield>
   </datafield>
   <datafield ind1="1" ind2="0" tag="880">
      <subfield code="6">245-02/(3/r</subfield>
      <subfield code="a">كتاب مبادئ اللغة :</subfield>
      <subfield code="b">مع شرح أبيات مبادئ اللغة /</subfield>
      <subfield code="c">لأبي عبدالله محمد بن عبدالله الخطيب الاسكافي ؛ عني بتصحيحه محمد بدر الدين النعساني الحلبي.</subfield>
   </datafield>
   <datafield ind1="3" ind2=" " tag="880">
      <subfield code="6">246-00/(3/r</subfield>
      <subfield code="a">مبادئ اللغة</subfield>
   </datafield>
   <datafield ind1=" " ind2=" " tag="880">
      <subfield code="6">250-03/(3/r</subfield>
      <subfield code="a">الطبعة 1.</subfield>
   </datafield>
   <datafield ind1=" " ind2=" " tag="880">
      <subfield code="6">260-04/(3/r</subfield>
      <subfield code="a">مصر :</subfield>
      <subfield code="b">مطبعة السعادة،</subfield>
      <subfield code="c">[1907] 1325</subfield>
   </datafield>
   <datafield ind1="1" ind2=" " tag="880">
      <subfield code="6">700-05/(3/r</subfield>
      <subfield code="a">حلبي، محمد بدر الدين النعساني.</subfield>
   </datafield>
   <datafield ind1=" " ind2=" " tag="994">
      <subfield code="a">C0</subfield>
      <subfield code="b">PUL</subfield>
   </datafield>
   <datafield ind1=" " ind2=" " tag="902">
      <subfield code="a">jab</subfield>
      <subfield code="b">r</subfield>
      <subfield code="6">a</subfield>
      <subfield code="7">m</subfield>
      <subfield code="d">v</subfield>
      <subfield code="f">0</subfield>
      <subfield code="e">20110608</subfield>
   </datafield>
   <datafield ind1="8" ind2=" " tag="852">
      <subfield code="0">6540421</subfield>
      <subfield code="b">rcppa</subfield>
      <subfield code="h">2271.504655.361</subfield>
   </datafield>
   <datafield ind1=" " ind2=" " tag="959">
      <subfield code="a">2011-06-08 10:46:00 -0500</subfield>
   </datafield>
</record>
